% Add all references to this file using BibTeX format
@book{SP8112,
	title        = {{Special Report SP-8112: Pressurization Systems for Liquid Rockets, NASA Space Vehicle Design Criteria}},
	year         = 1975,
	volume       = 8112,
	url          = {https://ui.adsabs.harvard.edu/abs/1975NASSP8112},
	publisher    = {SAO/NASA Astrophysics Data System}
}